@misc{zbufer,
	title="Алгоритм Z-буфера. [Электронный ресурс]",
	howpublished="Режим доступа: \url{http://compgraph.tpu.ru/Oglavlenie.htm} (дата обращения: 15.11.2022)"
}

@misc{roberts,
	title="Алгоритм Робертса. [Электронный ресурс]",
	howpublished="Режим доступа: \url{http://compgraph.tpu.ru/Oglavlenie.htm} (дата обращения: 15.11.2022)"
}

@misc{hudognik,
	title="Алгоритм, использующие список приоритетов (алгоритм художника). [Электронный ресурс]",
	howpublished="Режим доступа: \url{http://compgraph.tpu.ru/Oglavlenie.htm} (дата обращения: 15.11.2022)"
}

@misc{varnok,
	title="Алгоритм Варнока. [Электронный ресурс]",
	howpublished="Режим доступа: \url{http://compgraph.tpu.ru/Oglavlenie.htm} (дата обращения: 15.11.2022)"
}

@misc{lamber_fong,
	title="Модели освещения. [Электронный ресурс]",
	howpublished="Режим доступа: \url{https://devburn.ru/2015/09/} (дата обращения: 15.11.2022)"
}

@misc{raytrace,
	title="Трассировка лучей из книги Джефа Проузиса [Электронный ресурс]",
	howpublished="Режим доступа: \url{https://www.graphicon.ru/oldgr/courses/cg99/notes/lect12/prouzis/raytrace.htm} (дата обращения: 15.11.2022)"
}

@book{
	rodgers,
	author="Д. Роджерс, Дж. Адамс",
	title="Математические основы машинной графики.",
	publisher="Москва-Мир",
	year=2001,
	pages=603
}

@book{
	Cpp,
	author="Дэвис Стефан Рэнди",
	title="C++ для чайников",
	publisher="Вильямс", 
	series="Для чайников",
	year=2018,
	pages=400
}

@misc{cpp-lang-chrono,
	title="Date and time utilities [Электронный ресурс]",
	howpublished="Режим доступа: \url{https://en.cppreference.com/w/cpp/chrono} (дата обращения: 15.11.2022)"
}

@misc{first_article,
	title="Параллельные вычисления [Электронный ресурс]",
	howpublished="Режим доступа: \url{https://ru.bmstu.wiki/Параллельные_вычисления} (дата обращения: 15.11.2022)"
}

@misc{about_clion,
    title="Clion 2022 [Электронный ресурс]",
    howpublished="Режим доступа: \url{https://www.jetbrains.com/clion/whatsnew/} (дата обращения 15.11.2022)"
}

@misc{l-systems,
    title="The alocithmic beauty of plants.",
    howpublished="Режим доступа: \url{http://algorithmicbotany.org/papers/abop/abop.pdf} (дата обращения 15.11.2022)"
}

@misc{hanan,
    title="Parametric L-systems and their application to the
modelling and visualization of plants [Электронные ресурс].",
    howpublished="Режим доступа: \url{http://algorithmicbotany.org/papers/hanan.dis1992.pdf} (дата обращения 15.11.2022)"
}