@book{
	Cpp,
	author="Дэвис Стефан Рэнди",
	title="C++ для чайников",
	publisher="Вильямс",
	series="Для чайников",
	year=2018,
	pages=400
}

@book{
	zbuffer,
	author="П.В.Вельтмандер",
	title="Учебное пособие 'Основные алгоритмы компьютерной графики'",
	year=1997,
}

@misc{ubuntu,
	title="Ubuntu 20.04.3 LTS (Focal Fossa) [Электронный ресурс]",
	howpublished="Режим доступа: \url{https://releases.ubuntu.com/20.04/}"
}

@book{
	surface,
	author="Косников Ю.Н.",
	title="Поверхностные модели в системах трехмерной компьютерной графики. Учебное пособие.",
	publisher="Пенза: Пензенский государственный университет",
	year=2007,
	pages=60
}

@book{
	model,
	author="Голованов Н.Н.",
	title="Геометрическое моделирование.",
	publisher="Физико-математической литературы",
	year=2002,
	pages=472
}

